<record><leader>00000cas a22000007a 4500</leader><controlfield tag="001">13118698</controlfield><controlfield tag="008">860207d18581861pauwr ne      0    0eng d</controlfield><datafield ind1=" " ind2=" " tag="010"><subfield code="a">sn 86081081 </subfield></datafield><datafield ind1=" " ind2=" " tag="040"><subfield code="a">NPH</subfield><subfield code="b">eng</subfield><subfield code="c">NPH</subfield><subfield code="d">NPA</subfield><subfield code="d">OCLCQ</subfield></datafield><datafield ind1=" " ind2=" " tag="042"><subfield code="a">msc</subfield></datafield><datafield ind1="0" ind2="0" tag="245"><subfield code="a">Wellsboro' weekly Democrat.</subfield></datafield><datafield ind1="3" ind2="0" tag="246"><subfield code="a">Wellsborough weekly Democrat</subfield></datafield><datafield ind1=" " ind2=" " tag="260"><subfield code="a">Wellsborough, Tioga Co., Pa. :</subfield><subfield code="b">R. Jenkins</subfield></datafield><datafield ind1=" " ind2=" " tag="300"><subfield code="a">v. ;</subfield><subfield code="c">60 cm.</subfield></datafield><datafield ind1=" " ind2=" " tag="310"><subfield code="a">Weekly</subfield></datafield><datafield ind1="1" ind2=" " tag="362"><subfield code="a">Began in 1858; ceased in 1861.</subfield><subfield code="z">Cf. Brown, R.C. Hist. of Tioga Co., Pa.</subfield></datafield><datafield ind1=" " ind2=" " tag="500"><subfield code="a">Editor: C.G. Williams, &lt;1858&gt;.</subfield></datafield><datafield ind1=" " ind2=" " tag="588"><subfield code="a">Description based on: Vol. 20, no. 1 (Mar. 24, 1858).</subfield></datafield><datafield ind1=" " ind2=" " tag="752"><subfield code="a">United States</subfield><subfield code="b">Pennsylvania</subfield><subfield code="c">Tioga</subfield><subfield code="d">Wellsboro.</subfield></datafield><datafield ind1="0" ind2="0" tag="780"><subfield code="t">Tioga eagle</subfield><subfield code="w">(DLC)sn 86081080</subfield></datafield><datafield ind1="0" ind2="0" tag="785"><subfield code="t">Tioga County banner</subfield><subfield code="w">(DLC)sn 86081082</subfield></datafield><datafield ind1="1" ind2=" " tag="029"><subfield code="a">AU@</subfield><subfield code="b">000025812722</subfield></datafield></record>